@PREAMBLE{
 "\providecommand{\noopsort}[1]{}" 
 # "\providecommand{\singleletter}[1]{#1}%" 
}

@inproceedings{Aleksandrov2016-IPAC,
    address = {Busan, Korea},
    author = {Aleksandrov, A},
    booktitle = {Proceedings of IPAC2016},
    isbn = {9783954501472},
    mendeley-groups = {Methods/halo-meas,SNS/Halo},
    pages = {4248--4252},
    publisher = {JACoW},
    title = {{Beam halo characterization and mitgation}},
    year = {2016}
}
@article{Aleksandrov2020,
   author = {A. Aleksandrov and S. Cousineau and K. Ruisard},
   doi = {10.1088/1748-0221/15/07/P07025},
   issn = {17480221},
   issue = {7},
   journal = {Journal of Instrumentation},
   month = {7},
   publisher = {Institute of Physics Publishing},
   title = {Understanding beam distributions in hadron linacs in the presence of space charge},
   volume = {15},
   year = {2020},
}
@article{Aleksandrov2021,
   author = {A. Aleksandrov and S. Cousineau and K. Ruisard and A. Zhukov},
   doi = {10.1016/j.nima.2020.164829},
   issn = {01689002},
   journal = {Nuclear Instruments and Methods in Physics Research, Section A: Accelerators, Spectrometers, Detectors and Associated Equipment},
   month = {1},
   publisher = {Elsevier B.V.},
   title = {First measurement of a 2.5 MeV RFQ output emittance with 1 part-per-million dynamic range},
   volume = {987},
   year = {2021},
}
@article{Allen2002,
  title = {Beam-Halo Measurements in High-Current Proton Beams},
  author = {Allen, C. K. and Chan, K. C. D. and Colestock, P. L. and Crandall, K. R. and Garnett, R. W. and Gilpatrick, J. D. and Lysenko, W. and Qiang, J. and Schneider, J. D. and Schulze, M. E. and Sheffield, R. L. and Smith, H. V. and Wangler, T. P.},
  journal = {Phys. Rev. Lett.},
  volume = {89},
  issue = {21},
  pages = {214802},
  numpages = {4},
  year = {2002},
  month = {Nov},
  publisher = {American Physical Society},
  doi = {10.1103/PhysRevLett.89.214802},
  url = {https://link.aps.org/doi/10.1103/PhysRevLett.89.214802}
}
@article{Batygin2021,
    author = {Batygin, Konstantin and Batygin, Yuri K.},
    title = {Chaotic dynamics driven by particle-core interactions},
    journal = {Physics of Plasmas},
    volume = {28},
    number = {9},
    pages = {093104},
    year = {2021},
    doi = {10.1063/5.0056306},
    URL = {https://doi.org/10.1063/5.0056306},
}
@article{Cathey2018,
   author = {Brandon Cathey and Sarah Cousineau and Alexander Aleksandrov and Alexander Zhukov},
   doi = {10.1103/PhysRevLett.121.064804},
   issn = {10797114},
   issue = {6},
   journal = {Physical Review Letters},
   month = {8},
   pmid = {30141642},
   publisher = {American Physical Society},
   title = {First Six Dimensional Phase Space Measurement of an Accelerator Beam},
   volume = {121},
   year = {2018},
}
@phdthesis{Cathey2018-thesis,
    author={Cathey, B.},
    title={First Full Six-Dimensional Phase Space Measurement of a Hadron Beam},
    school={The University of Tennessee},
    year={2018},
    howpublished="\url{https://trace.tennessee.edu/utk_graddiss/5236/}"
}
@inproceedings{Chang2018,
   author = {Tyler H. Chang and Li Xu and Layne T. Watson and Ali R. Butt and Kirk W. Cameron and Thomas C.H. Lux and Bo Li and Yili Hong},
   doi = {10.1145/3190645.3190680},
   isbn = {9781450356961},
   journal = {Proceedings of the ACMSE 2018 Conference},
   month = {3},
   publisher = {Association for Computing Machinery, Inc},
   title = {A polynomial time algorithm for multivariate interpolation in arbitrary dimension via the delaunay triangulation},
   volume = {2018-January},
   year = {2018},
}
@inproceedings{Cousineau2015,
  author = {S.M. Cousineau},
  title = {High Power Proton Beam Facilities: Operational Experience, Challenges, and the Future},
  booktitle = {Proc. 6th International Particle Accelerator Conference (IPAC'15), Richmond, VA, USA, May 3-8, 2015},
  pages = {4102--4106},
  paper = {FRYGB1},
  year = {2015},
  doi = {https://doi.org/10.18429/JACoW-IPAC2015-FRYGB1},
}
@article{Crandall1988a,
    author = {Crandall, K. R. and Wangler, Thomas P.},
    file = {:C$\backslash$:/Users/k0r/AppData/Local/Mendeley Ltd./Mendeley Desktop/Downloaded/Crandall, Wangler - 1988 - PARMTEQ — A beam-dynamics code fo the RFQ linear accelerator.pdf:pdf},
    journal = {AIP Conf. Proc.},
    number = {1},
    pages = {22--28},
    title = {{PARMTEQ — A beam-dynamics code fo the RFQ linear accelerator}},
    volume = {177},
    year = {1988}
}
@article{Dropulic2021,
   author = {Adriana Dropulic and Bryan Ostdiek and Laura J. Chang and Hongwan Liu and Timothy Cohen and Mariangela Lisanti},
   doi = {10.3847/2041-8213/ac09ef},
   issn = {2041-8205},
   issue = {1},
   journal = {The Astrophysical Journal Letters},
   month = {7},
   pages = {L14},
   publisher = {American Astronomical Society},
   title = {Machine Learning the Sixth Dimension: Stellar Radial Velocities from 5D Phase-space Correlations},
   volume = {915},
   year = {2021},
}
@article{Gluckstern1994,
  title = {Analytic Model for Halo Formation in High Current Ion Linacs},
  author = {Gluckstern, Robert L.},
  journal = {Phys. Rev. Lett.},
  volume = {73},
  issue = {9},
  pages = {1247--1250},
  numpages = {0},
  year = {1994},
  month = {Aug},
  publisher = {American Physical Society},
  doi = {10.1103/PhysRevLett.73.1247},
  url = {https://link.aps.org/doi/10.1103/PhysRevLett.73.1247}
}
@article{Gordon2022,
    title = {Four-dimensional emittance measurements of ultrafast electron diffraction optics corrected up to sextupole order},
    author = {Gordon, M. and Li, W. H. and Andorf, M. B. and Bartnik, A. C. and Duncan, C. J. R. and Kaemingk, M. and Pennington, C. A. and Bazarov, I. V. and Kim, Y.-K. and Maxson, J. M.},
    journal = {Phys. Rev. Accel. Beams},
    volume = {25},
    issue = {8},
    pages = {084001},
    numpages = {10},
    year = {2022},
    month = {Aug},
    publisher = {American Physical Society},
    doi = {10.1103/PhysRevAccelBeams.25.084001},
    url = {https://link.aps.org/doi/10.1103/PhysRevAccelBeams.25.084001}
}
@article{Groening2008,
   author = {L. Groening and W. Barth and W. Bayer and G. Clemente and L. Dahl and P. Forck and P. Gerhard and I. Hofmann and G. Riehl and S. Yaramyshev and D. Jeon and D. Uriot},
   doi = {10.1103/PhysRevSTAB.11.094201},
   issn = {10984402},
   issue = {9},
   journal = {Physical Review Special Topics - Accelerators and Beams},
   month = {9},
   title = {Benchmarking of measurement and simulation of transverse rms-emittance growth},
   volume = {11},
   year = {2008},
}
@article{Hock2013,
   author = {K. M. Hock and A. Wolski},
   doi = {10.1016/j.nima.2013.05.004},
   issn = {01689002},
   journal = {Nuclear Instruments and Methods in Physics Research, Section A: Accelerators, Spectrometers, Detectors and Associated Equipment},
   pages = {8-16},
   title = {Tomographic reconstruction of the full 4D transverse phase space},
   volume = {726},
   year = {2013},
}
@dataset{Hoover2023_Zenodo,
    author = {Hoover, Austin and Ruisard, Kiersten and Aleksandrov, Alexander and Zhukov, Alexander and Cousineau, Sarah},
    title = {High-resolution five-dimensional phase space measurement at the Spallation Neutron Source Beam Test Facility},
    year = 2023,
    publisher = {Zenodo},
    version = {0.1.1},
    doi = {10.5281/zenodo.7517479},
    url = {https://doi.org/10.5281/zenodo.7517479},
}
@inproceedings{Jaster-Merz2022,
    author = {S. Jaster-Merz and R. W. Assmann and R. Brinkmann and F. Burkart and T. Vinatier},
    doi = {10.18429/JACoW-IPAC2022-MOPOPT021},
    title = {5D TOMOGRAPHY OF ELECTRON BUNCHES AT ARES},
    year = {2022},
    booktitle = {13th International Particle Accelerator Conference},
}
@article{Liu2017,
   author = {Shusen Liu and Dan Maljovec and Bei Wang and Peer Timo Bremer and Valerio Pascucci},
   doi = {10.1109/TVCG.2016.2640960},
   issn = {10772626},
   issue = {3},
   journal = {IEEE Transactions on Visualization and Computer Graphics},
   month = {3},
   pages = {1249-1268},
   pmid = {28113321},
   publisher = {IEEE Computer Society},
   title = {Visualizing High-Dimensional Data: Advances in the Past Decade},
   volume = {23},
   year = {2017},
}
@inproceedings{Loudin2003,
    title={A multivariate method for comparing n-dimensional distributions},
    author={Loudin, James D and Miettinen, Hannu E and others},
    booktitle={Proceedings of the Conference on Statistical Problems in Particle Physics, Astrophysics and Cosmology (PHYSTAT)},
    number={2},
    pages={207--210},
    year={2003}
}
@article{Lund2009,
    title = {Generation of initial kinetic distributions for simulation of long-pulse charged particle beams with high space-charge intensity},
    author = {Lund, Steven M. and Kikuchi, Takashi and Davidson, Ronald C.},
    journal = {Phys. Rev. ST Accel. Beams},
    volume = {12},
    issue = {11},
    pages = {114801},
    numpages = {50},
    year = {2009},
    month = {Nov},
    publisher = {American Physical Society},
    doi = {10.1103/PhysRevSTAB.12.114801},
    url = {https://link.aps.org/doi/10.1103/PhysRevSTAB.12.114801}
}
@article{Marchetti2021,
   author = {B. Marchetti and A. Grudiev and P. Craievich and R. Assmann and H. H. Braun and N. Catalan Lasheras and F. Christie and R. D’Arcy and R. Fortunati and R. Ganter and P. González Caminal and M. Hoffmann and M. Huening and S. M. Jaster-Merz and R. Jonas and F. Marcellini and D. Marx and G. McMonagle and J. Osterhoff and M. Pedrozzi and E. Prat Costa and S. Reiche and M. Reukauff and S. Schreiber and G. Tews and M. Vogt and S. Wesch and W. Wuensch},
   doi = {10.1038/s41598-021-82687-2},
   issn = {20452322},
   issue = {1},
   journal = {Scientific Reports},
   month = {12},
   pmid = {33574395},
   publisher = {Nature Research},
   title = {Experimental demonstration of novel beam characterization using a polarizable X-band transverse deflection structure},
   volume = {11},
   year = {2021},
}
@article{Minerbo1979,
    author = {Minerbo, Gerald},
    doi = {https://doi.org/10.1016/0146-664X(79)90034-0},
    issn = {0146-664X},
    journal = {Computer Graphics and Image Processing},
    number = {1},
    pages = {48--68},
    title = {{MENT: A maximum entropy algorithm for reconstructing a source from projection data}},
    url = {https://www.sciencedirect.com/science/article/pii/0146664X79900340},
    volume = {10},
    year = {1979}
}
@article{Mitchell2022,
    title = {Using kernel-based statistical distance to study the dynamics of charged particle beams in particle-based simulation codes},
    author = {Mitchell, Chad E. and Ryne, Robert D. and Hwang, Kilean},
    journal = {Phys. Rev. E},
    volume = {106},
    issue = {6},
    pages = {065302},
    numpages = {17},
    year = {2022},
    month = {Dec},
    publisher = {American Physical Society},
    doi = {10.1103/PhysRevE.106.065302},
    url = {https://link.aps.org/doi/10.1103/PhysRevE.106.065302}
}
@article{Modarres2020,
    title={Graphical Comparison of High-Dimensional Distributions},
    author={Modarres, Reza},
    journal={International Statistical Review},
    volume={88},
    number={3},
    pages={698--714},
    year={2020},
    publisher={Wiley Online Library}
}
@article{Mottershead1985,
   author = {C T Mottershead},
   journal = {IEEE Trunsnctmns on Nuclrar Sciancc},
   title = {MAXIMUM ENTROPY BEAM DIAGNOSTIC TOMOGRAPHY},
   year = {1985},
}
@article{Qiang2002,
   author = {J. Qiang and P. L. Colestock and D. Gilpatrick and H. V. Smith and T. P. Wangler and M. E. Schulze},
   doi = {10.1103/PhysRevSTAB.5.124201},
   issn = {10984402},
   issue = {12},
   journal = {Physical Review Special Topics - Accelerators and Beams},
   pages = {35-47},
   publisher = {American Physical Society},
   title = {Macroparticle simulation studies of a proton beam halo experiment},
   volume = {5},
   year = {2002},
}
@article{Ruisard2020,
   author = {K. Ruisard and A. Aleksandrov and S. Cousineau and V. Tzoganis and A. Zhukov},
   doi = {10.1103/PhysRevAccelBeams.23.124201},
   issn = {24699888},
   issue = {12},
   journal = {Physical Review Accelerators and Beams},
   month = {12},
   publisher = {American Physical Society},
   title = {High dimensional characterization of the longitudinal phase space formed in a radio frequency quadrupole},
   volume = {23},
   year = {2020},
}
@article{Ruisard2021,
   author = {K. Ruisard and A. Aleksandrov},
   doi = {10.1103/PhysRevAccelBeams.24.014201},
   issn = {24699888},
   issue = {1},
   journal = {Physical Review Accelerators and Beams},
   month = {1},
   publisher = {American Physical Society},
   title = {Rapid charge redistribution leading to core hollowing in a high-intensity ion beam},
   volume = {24},
   year = {2021},
}
@inproceedings{Shishlo2015,
   author = {Andrei Shishlo and Sarah Cousineau and Jeffrey Holmes and Timofey Gorlov},
   doi = {10.1016/j.procs.2015.05.312},
   issn = {18770509},
   issue = {1},
   journal = {Procedia Computer Science},
   pages = {1272-1281},
   publisher = {Elsevier B.V.},
   title = {The particle accelerator simulation code PyORBIT},
   volume = {51},
   year = {2015},
}
@article{Skilling1984,
   abstract = {Maximum entropy is an optimal technique of image reconstruction , widely applicable in astronomy and elsewhere. We present a general-purpose algorithm, capable of generating maximum entropy images from a wide variety of types of data.},
   author = {J Skilling and R K Bryan},
   journal = {1984MNRAS.211..111S Mon. Not. R. astr. Soc},
   pages = {111-124},
   title = {Maximum entropy image reconstruction: general algorithm},
   volume = {211},
   year = {1984},
}
@article{Skilling1991,
    URL = {http://www.jstor.org/stable/4355715},
    author = {John Skilling and Stephen F. Gull},
    journal = {Lecture Notes-Monograph Series},
    pages = {341--367},
    publisher = {Institute of Mathematical Statistics},
    title = {Bayesian Maximum Entropy Image Reconstruction},
    volume = {20},
    year = {1991}
}
@article{Wang2019,
   author = {Minwen Wang and Zhongming Wang and Di Wang and Wolong Liu and Baichuan Wang and Maocheng Wang and Mengtong Qiu and Xialing Guan and X. Wang and Wenhui Huang and Shuxin Zheng},
   doi = {10.1016/j.nima.2019.162438},
   issn = {01689002},
   journal = {Nuclear Instruments and Methods in Physics Research, Section A: Accelerators, Spectrometers, Detectors and Associated Equipment},
   month = {11},
   publisher = {Elsevier B.V.},
   title = {Four-dimensional phase space measurement using multiple two-dimensional profiles},
   volume = {943},
   year = {2019},
}
@article{Wangler1998,
  title = {Particle-core model for transverse dynamics of beam halo},
  author = {Wangler, T. P. and Crandall, K. R. and Ryne, R. and Wang, T. S.},
  journal = {Phys. Rev. ST Accel. Beams},
  volume = {1},
  issue = {8},
  pages = {084201},
  numpages = {9},
  year = {1998},
  month = {Dec},
  publisher = {American Physical Society},
  doi = {10.1103/PhysRevSTAB.1.084201},
  url = {https://link.aps.org/doi/10.1103/PhysRevSTAB.1.084201}
}
@article{Wolski2020,
   author = {A. Wolski and D. C. Christie and B. L. Militsyn and D. J. Scott and H. Kockelbergh},
   doi = {10.1103/PhysRevAccelBeams.23.032804},
   issn = {24699888},
   issue = {3},
   journal = {Physical Review Accelerators and Beams},
   month = {3},
   publisher = {American Physical Society},
   title = {Transverse phase space characterization in an accelerator test facility},
   volume = {23},
   year = {2020},
}
@article{Wolski2022,
  title = {Transverse phase space tomography in an accelerator test facility using image compression and machine learning},
  author = {Wolski, A. and Johnson, M. A. and King, M. and Militsyn, B. L. and Williams, P. H.},
  journal = {Phys. Rev. Accel. Beams},
  volume = {25},
  issue = {12},
  pages = {122803},
  numpages = {18},
  year = {2022},
  month = {Dec},
  publisher = {American Physical Society},
  doi = {10.1103/PhysRevAccelBeams.25.122803},
  url = {https://link.aps.org/doi/10.1103/PhysRevAccelBeams.25.122803}
}
@article{Wong2022-symmetry,
   author = {Jonathan C. Wong and Steven M. Lund},
   doi = {10.1103/PhysRevAccelBeams.25.064201},
   issn = {24699888},
   issue = {6},
   journal = {Physical Review Accelerators and Beams},
   month = {6},
   publisher = {American Physical Society},
   title = {Moment constraints in beams with discrete and continuous rotational symmetry},
   volume = {25},
   year = {2022},
}
@article{Wong2022-tomography,
   author = {Jonathan C. Wong and Andrei Shishlo and Alexander Aleksandrov and Yun Liu and Cary Long},
   doi = {10.1103/PhysRevAccelBeams.25.042801},
   issn = {24699888},
   issue = {4},
   journal = {Physical Review Accelerators and Beams},
   month = {4},
   publisher = {American Physical Society},
   title = {4D transverse phase space tomography of an operational hydrogen ion beam via noninvasive 2D measurements using laser wires},
   volume = {25},
   year = {2022},
}
@article{Zhang2020,
   author = {Z. Zhang and S. Cousineau and A. Aleksandrov and A. Menshov and A. Zhukov},
   doi = {10.1016/j.nima.2019.162826},
   issn = {01689002},
   journal = {Nuclear Instruments and Methods in Physics Research, Section A: Accelerators, Spectrometers, Detectors and Associated Equipment},
   month = {1},
   publisher = {Elsevier B.V.},
   title = {Design and commissioning of the Beam Test Facility at the Spallation Neutron Source},
   volume = {949},
   year = {2020},
}